
 @misc{minoux,
    title = "{\emph{Programmation mathématique, tome 1}}",
    author = {Michel Minoux}
 }
 
 @misc{bierlaine,
    title = "{\emph{Introduction à l'optimisation différentielle}}",
    author = {Michel Bierlaine}
 }
 
 @misc{luenberger,
    title = "{\emph{Linear and non linear programming}}",
    author = {Luenberger}
 }
 
